@misc{1606.01540,
  Author = {Greg Brockman and Vicki Cheung and Ludwig Pettersson and Jonas Schneider and John Schulman and Jie Tang and Wojciech Zaremba},
  Title = {OpenAI Gym},
  Year = {2016},
  Eprint = {arXiv:1606.01540},
}
@MISC{Todorov_mujoco:a,
    author = {Emanuel Todorov and Tom Erez and Yuval Tassa},
    title = {MuJoCo: A physics engine for model-based control },
    year = {}
}
@MISC{coumans2019,
author =   {Erwin Coumans and Yunfei Bai},
title =    {PyBullet, a Python module for physics simulation for games, robotics and machine learning},
howpublished = {\url{http://pybullet.org}},
year = {2016--2019}
}
@INPROCEEDINGS{delhaisse2019pyrobolearn,
    AUTHOR  = {Brian Delhaisse and Leonel Rozo and Darwin G. Caldwell},
    TITLE   = {PyRoboLearn: A {P}ython Framework for Robot Learning Practitioners},
    BOOKTITLE = {Conference on Robot Learning (CoRL)},
    YEAR    = {2019},
    ADDRESS = {Osaka, Japan},
    MONTH   = {October},
URL     = {https://github.com/robotlearn/pyrobolearn}
}
@inproceedings{Wise2016FetchF,
  title={Fetch \& Freight : Standard Platforms for Service Robot Applications},
  author={M. Wise and Michael Ferguson and Daniel King and Eric Diehr and David Dymesich},
  year={2016}
}
@article{DBLP:journals/corr/AndrychowiczWRS17,
  author    = {Marcin Andrychowicz and
               Filip Wolski and
               Alex Ray and
               Jonas Schneider and
               Rachel Fong and
               Peter Welinder and
               Bob McGrew and
               Josh Tobin and
               Pieter Abbeel and
               Wojciech Zaremba},
  title     = {Hindsight Experience Replay},
  journal   = {CoRR},
  volume    = {abs/1707.01495},
  year      = {2017},
  url       = {http://arxiv.org/abs/1707.01495},
  archivePrefix = {arXiv},
  eprint    = {1707.01495},
  timestamp = {Fri, 08 Nov 2019 12:51:04 +0100},
  biburl    = {https://dblp.org/rec/journals/corr/AndrychowiczWRS17.bib},
  bibsource = {dblp computer science bibliography, https://dblp.org}
}
@article{DBLP:journals/corr/abs-1802-09477,
  author    = {Scott Fujimoto and
               Herke van Hoof and
               David Meger},
  title     = {Addressing Function Approximation Error in Actor-Critic Methods},
  journal   = {CoRR},
  volume    = {abs/1802.09477},
  year      = {2018},
  url       = {http://arxiv.org/abs/1802.09477},
  archivePrefix = {arXiv},
  eprint    = {1802.09477},
  timestamp = {Sat, 28 Sep 2019 00:58:01 +0200},
  biburl    = {https://dblp.org/rec/journals/corr/abs-1802-09477.bib},
  bibsource = {dblp computer science bibliography, https://dblp.org}
}
